@book{goldsmith2004,
 Author = {Andrea Goldsmith},
 title = {Wireless Communications},
 description = {Wireless Communications (Book, 2005)},
 publisher = {Cambridge University Press},
 interhash = {59a6e7591a091960126851fa0ced1b74},
 intrahash = {36f9e0d3830328ccaa5c23cbbf02da1c},
 year = {2005},
 month = {aug},
 isbn = {0521837162}
}

@article{popescu2016,
  title={Designing the communication sub-system for nanosatellite CubeSat missions: Operational and implementation perspectives},
  author={Otilia Popescu and Jason S. Harris and Dimitrie C. Popescu},
  journal={SoutheastCon 2016},
  year={2016},
  pages={1-5}
}

@article{murphy2004,
  title={Ask The Application Engineerâ€”33 All About Direct Digital Synthesis},
  author={Eva Murphy and Colm Slattery},
  journal={Analog Dialog},
  year={2004}
}

@manual{ad9959_datasheet,
    organization  = "Analog Devices",
    title         = "4-channels, 500MSPS DDS with 10-bit DACs",
    number        = "AD9959",
    year          =  2008,
    note          = "Rev. B"
}

@manual{stm32f103_datasheet,
    organization  = "ST",
    title         = "Medium-density performance line ARM-based 32-bit MCU with 64 or 128 KB flash, USB, CAN, 7 timers, 2 ADCs, 9 com. interfaces",
    number        = "STM32F103x8, STM32F103xB",
    year          =  2015,
    note          = "Rev. 17"
}


@book{visser2005,
 Author = {Hubregt J. Visser},
 title = {Array and Phased Array Antenna Basics},
 description = {Array and Phased Array Antenna Basics (Book, 2005)},
 publisher = {Wiley},
 interhash = {b2b120392e8707fc5f335b090fe76a88},
 intrahash = {a8f82f9b0bde126aa40ce23169721387},
 year = {2005},
 month = {sep},
 isbn = {0470871172}
}

@book{ippolitojr2008,
 Author = {Louis J. Ippolito Jr.},
 title = {Satellite Communications Systems Engineering: Atmospheric Effects, Satellite Link Design and System Performance},
 description = {Satellite Communications Systems Engineering: Atmospheric Effects, Satellite Link Design and System Performance (Book, 2008)},
 publisher = {Wiley},
 interhash = {3c20af2866fab09bd8d2aa111e2e30d9},
 intrahash = {6f6538a0e25f3efdc8525cb37d5de324},
 year = {2008},
 month = {oct},
 isbn = {0470725273}
}
